
    <marc:record>
        <marc:leader>00795cpcaa2200181Ia 4500</marc:leader>
        <marc:controlfield tag="001">002565007</marc:controlfield>
        <marc:controlfield tag="005">20190501161632.0</marc:controlfield>
        <marc:controlfield tag="008">990406i18081808pau                 eng d</marc:controlfield>
        <marc:datafield tag="035" ind1=" " ind2=" ">
            <marc:subfield code="a">41109536</marc:subfield>
        </marc:datafield>
        <marc:datafield tag="040" ind1=" " ind2=" ">
            <marc:subfield code="a">NDD</marc:subfield>
            <marc:subfield code="b">eng</marc:subfield>
            <marc:subfield code="e">appm</marc:subfield>
            <marc:subfield code="c">NDD</marc:subfield>
            <marc:subfield code="d">OCLCG</marc:subfield>
            <marc:subfield code="d">OCLCF</marc:subfield>
        </marc:datafield>
        <marc:datafield tag="049" ind1=" " ind2=" ">
            <marc:subfield code="a">NDDP</marc:subfield>
        </marc:datafield>
        <marc:datafield tag="100" ind1="1" ind2=" ">
            <marc:subfield code="a">FitzSimons, Thomas,</marc:subfield>
            <marc:subfield code="d">1741-1811.</marc:subfield>
        </marc:datafield>
        <marc:datafield tag="245" ind1="1" ind2="0">
            <marc:subfield code="a">Thomas Fitzsimons papers,</marc:subfield>
            <marc:subfield code="f">1808.</marc:subfield>
        </marc:datafield>
        <marc:datafield tag="300" ind1=" " ind2=" ">
            <marc:subfield code="a">1</marc:subfield>
            <marc:subfield code="f">item.</marc:subfield>
        </marc:datafield>
        <marc:datafield tag="500" ind1=" " ind2=" ">
            <marc:subfield code="a">Cataloged from Guide.</marc:subfield>
        </marc:datafield>
        <marc:datafield tag="520" ind1="8" ind2=" ">
            <marc:subfield code="a">Letter from Thomas Fitzsimons (1741-1811), merchant and statesman, in his capacity as chairman of the board of trustees of the University of Pennsylvania to Benjamin Williams, president of the trustees of the University of North Carolina, concerning admissions policies.</marc:subfield>
        </marc:datafield>
        <marc:datafield tag="600" ind1="1" ind2="0">
            <marc:subfield code="a">FitzSimons, Thomas,</marc:subfield>
            <marc:subfield code="d">1741-1811.</marc:subfield>
        </marc:datafield>
        <marc:datafield tag="600" ind1="1" ind2="7">
            <marc:subfield code="a">FitzSimons, Thomas,</marc:subfield>
            <marc:subfield code="d">1741-1811.</marc:subfield>
            <marc:subfield code="2">fast</marc:subfield>
            <marc:subfield code="0">(OCoLC)fst00199892</marc:subfield>
        </marc:datafield>
    </marc:record>